<record><leader>00000cas a22000007a 4500</leader><controlfield tag="001">17802033</controlfield><controlfield tag="008">880418d19051916msuwr ne      0    0eng d</controlfield><datafield ind1=" " ind2=" " tag="010"><subfield code="a">sn 88067091 </subfield></datafield><datafield ind1=" " ind2=" " tag="040"><subfield code="a">MSJ</subfield><subfield code="b">eng</subfield><subfield code="c">MSJ</subfield><subfield code="d">DLC</subfield><subfield code="d">OCLCQ</subfield></datafield><datafield ind1=" " ind2=" " tag="012"><subfield code="a">msc</subfield></datafield><datafield ind1="0" ind2="0" tag="245"><subfield code="a">Ocean Springs news.</subfield></datafield><datafield ind1=" " ind2=" " tag="260"><subfield code="a">Ocean Springs, Miss. :</subfield><subfield code="b">A.L. Lee</subfield></datafield><datafield ind1=" " ind2=" " tag="310"><subfield code="a">Weekly</subfield></datafield><datafield ind1="1" ind2=" " tag="362"><subfield code="a">Began in 1905; ceased in 1916.</subfield></datafield><datafield ind1=" " ind2=" " tag="588"><subfield code="a">Description based on: Vol. 10, no. 31 (Nov. 7, 1914).</subfield></datafield><datafield ind1=" " ind2=" " tag="752"><subfield code="a">United States</subfield><subfield code="b">Mississippi</subfield><subfield code="c">Jackson</subfield><subfield code="d">Ocean Springs.</subfield></datafield><datafield ind1="0" ind2="0" tag="780"><subfield code="t">Ocean Springs progress</subfield></datafield><datafield ind1="0" ind2="0" tag="785"><subfield code="t">Jackson County times</subfield><subfield code="w">(OCoLC)16102987</subfield></datafield></record>